%YAML 1.1
%TAG !u! tag:unity3d.com,2011:
--- !u!1 &7789046157312708545
GameObject:
  m_ObjectHideFlags: 0
  m_CorrespondingSourceObject: {fileID: 0}
  m_PrefabInstance: {fileID: 0}
  m_PrefabAsset: {fileID: 0}
  serializedVersion: 6
  m_Component:
  - component: {fileID: 7789046157312708551}
  - component: {fileID: 7789046157312708544}
  m_Layer: 0
  m_Name: ObjectPool
  m_TagString: Untagged
  m_Icon: {fileID: 0}
  m_NavMeshLayer: 0
  m_StaticEditorFlags: 0
  m_IsActive: 1
--- !u!4 &7789046157312708551
Transform:
  m_ObjectHideFlags: 0
  m_CorrespondingSourceObject: {fileID: 0}
  m_PrefabInstance: {fileID: 0}
  m_PrefabAsset: {fileID: 0}
  m_GameObject: {fileID: 7789046157312708545}
  m_LocalRotation: {x: -0, y: -0, z: -0, w: 1}
  m_LocalPosition: {x: -5.420322, y: 1.1657658, z: -0.4559002}
  m_LocalScale: {x: 1, y: 1, z: 1}
  m_Children: []
  m_Father: {fileID: 7789046157998024108}
  m_RootOrder: 0
  m_LocalEulerAnglesHint: {x: 0, y: 0, z: 0}
--- !u!114 &7789046157312708544
MonoBehaviour:
  m_ObjectHideFlags: 0
  m_CorrespondingSourceObject: {fileID: 0}
  m_PrefabInstance: {fileID: 0}
  m_PrefabAsset: {fileID: 0}
  m_GameObject: {fileID: 7789046157312708545}
  m_Enabled: 1
  m_EditorHideFlags: 0
  m_Script: {fileID: 11500000, guid: 46c88be6b6c1c2f4781c2d5a50184db7, type: 3}
  m_Name: 
  m_EditorClassIdentifier: 
  pools:
  - Prefab: {fileID: 663080251295903459, guid: b3daca8f12dcf7f49890d3c34941288d, type: 3}
    Size: 5
    percentage: 0.1
  - Prefab: {fileID: 663080251295903459, guid: 14686245580696d4896c377fd953dd90, type: 3}
    Size: 5
    percentage: 0.2
  - Prefab: {fileID: 663080251295903459, guid: 2f62d9ebfb11e82499d8fd91e97b3e8a, type: 3}
    Size: 5
    percentage: 0.2
  - Prefab: {fileID: 663080251295903459, guid: 34e70b848a25ad5488e6a4dc51b2563d, type: 3}
    Size: 5
    percentage: 0.3
  - Prefab: {fileID: 663080251295903459, guid: 33bd2f046a7044e4882d0cbe8cf72da0, type: 3}
    Size: 5
    percentage: 0.2
  spawnables:
  - Prefab: {fileID: 8510422815303157635, guid: ce3a309b210a3e84caa4df44520d2d5b,
      type: 3}
    Size: 15
    type: 0
  - Prefab: {fileID: 4020706948304603676, guid: 3c28cb58df29e3a46bbbe85fc4a5cd6c,
      type: 3}
    Size: 10
    type: 1
  - Prefab: {fileID: 5553329704801915347, guid: f8ae20030311aa64eb176281ec12dd09,
      type: 3}
    Size: 5
    type: 2
  - Prefab: {fileID: 4020706948304603676, guid: e7405a28042a1cb49b1844a7baf9c11f,
      type: 3}
    Size: 10
    type: 3
  - Prefab: {fileID: 2258922737824595782, guid: 458dc76020c7c6e478028b8b913bd000,
      type: 3}
    Size: 5
    type: 4
  - Prefab: {fileID: 4578259545397025125, guid: 8fb9acddcc292ee4b82cca3f1f6c79ed,
      type: 3}
    Size: 5
    type: 5
  - Prefab: {fileID: 8510422815303157635, guid: ab608433d154886478c8cb9af84f33d9,
      type: 3}
    Size: 5
    type: 6
--- !u!1 &7789046157998024109
GameObject:
  m_ObjectHideFlags: 0
  m_CorrespondingSourceObject: {fileID: 0}
  m_PrefabInstance: {fileID: 0}
  m_PrefabAsset: {fileID: 0}
  serializedVersion: 6
  m_Component:
  - component: {fileID: 7789046157998024108}
  - component: {fileID: 7789046157998024147}
  m_Layer: 0
  m_Name: LevelCreator
  m_TagString: Untagged
  m_Icon: {fileID: 0}
  m_NavMeshLayer: 0
  m_StaticEditorFlags: 0
  m_IsActive: 1
--- !u!4 &7789046157998024108
Transform:
  m_ObjectHideFlags: 0
  m_CorrespondingSourceObject: {fileID: 0}
  m_PrefabInstance: {fileID: 0}
  m_PrefabAsset: {fileID: 0}
  m_GameObject: {fileID: 7789046157998024109}
  m_LocalRotation: {x: 0, y: 0, z: 0, w: 1}
  m_LocalPosition: {x: 0, y: 0, z: 0}
  m_LocalScale: {x: 1, y: 1, z: 1}
  m_Children:
  - {fileID: 7789046157312708551}
  - {fileID: 7290197292204869149}
  - {fileID: 7290197291473874566}
  m_Father: {fileID: 0}
  m_RootOrder: 0
  m_LocalEulerAnglesHint: {x: 0, y: 0, z: 0}
--- !u!114 &7789046157998024147
MonoBehaviour:
  m_ObjectHideFlags: 0
  m_CorrespondingSourceObject: {fileID: 0}
  m_PrefabInstance: {fileID: 0}
  m_PrefabAsset: {fileID: 0}
  m_GameObject: {fileID: 7789046157998024109}
  m_Enabled: 1
  m_EditorHideFlags: 0
  m_Script: {fileID: 11500000, guid: 24233af5cd9d6a442a3417572ff770f5, type: 3}
  m_Name: 
  m_EditorClassIdentifier: 
  startingPlatforms:
  - {fileID: 3872885250383930904}
  - {fileID: 3872885251647311491}
  minSpawnDistance: 10
  gapWidth: 3
  platformsUntilReset: 20
  queueSize: 5
  bonusLevelGapWidth: 0
  levels:
  - maxSpeed: 6
    acceleration: 0.2
    normalPlatforms: 5
    bonusPlatforms: 1
    scoreModifier: 8
  - maxSpeed: 7
    acceleration: 0.2
    normalPlatforms: 6
    bonusPlatforms: 1
    scoreModifier: 10
  - maxSpeed: 8
    acceleration: 0.2
    normalPlatforms: 7
    bonusPlatforms: 1
    scoreModifier: 12
  - maxSpeed: 9
    acceleration: 0.2
    normalPlatforms: 8
    bonusPlatforms: 1
    scoreModifier: 14
  - maxSpeed: 10
    acceleration: 0.2
    normalPlatforms: 10
    bonusPlatforms: 1
    scoreModifier: 16
  hazardTable: {fileID: 11400000, guid: 29fc85ebfbe4eaf4cb750a1a75f501d1, type: 2}
  collectableTable: {fileID: 11400000, guid: 7b16be363796d6e49bbc444983fd23b5, type: 2}
  bonusTable: {fileID: 11400000, guid: 52c43976606687a4995c5101b03a0927, type: 2}
  highHazards: {fileID: 11400000, guid: ae78182aa09978441888a25babe295cb, type: 2}
  platformStartingSpeed: 5
  platformDirection: {x: -1, y: 0, z: 0}
  onLevelUp:
    m_PersistentCalls:
      m_Calls: []
--- !u!1001 &7789046156356550754
PrefabInstance:
  m_ObjectHideFlags: 0
  serializedVersion: 2
  m_Modification:
    m_TransformParent: {fileID: 7789046157998024108}
    m_Modifications:
    - target: {fileID: 663080251295903459, guid: 2f62d9ebfb11e82499d8fd91e97b3e8a,
        type: 3}
      propertyPath: m_Name
      value: SecondPlatform
      objectReference: {fileID: 0}
    - target: {fileID: 663080251295903460, guid: 2f62d9ebfb11e82499d8fd91e97b3e8a,
        type: 3}
      propertyPath: m_LocalPosition.x
      value: -12
      objectReference: {fileID: 0}
    - target: {fileID: 663080251295903460, guid: 2f62d9ebfb11e82499d8fd91e97b3e8a,
        type: 3}
      propertyPath: m_LocalPosition.y
      value: 0
      objectReference: {fileID: 0}
    - target: {fileID: 663080251295903460, guid: 2f62d9ebfb11e82499d8fd91e97b3e8a,
        type: 3}
      propertyPath: m_LocalPosition.z
      value: 0
      objectReference: {fileID: 0}
    - target: {fileID: 663080251295903460, guid: 2f62d9ebfb11e82499d8fd91e97b3e8a,
        type: 3}
      propertyPath: m_LocalRotation.x
      value: -0
      objectReference: {fileID: 0}
    - target: {fileID: 663080251295903460, guid: 2f62d9ebfb11e82499d8fd91e97b3e8a,
        type: 3}
      propertyPath: m_LocalRotation.y
      value: 1
      objectReference: {fileID: 0}
    - target: {fileID: 663080251295903460, guid: 2f62d9ebfb11e82499d8fd91e97b3e8a,
        type: 3}
      propertyPath: m_LocalRotation.z
      value: -0
      objectReference: {fileID: 0}
    - target: {fileID: 663080251295903460, guid: 2f62d9ebfb11e82499d8fd91e97b3e8a,
        type: 3}
      propertyPath: m_LocalRotation.w
      value: 0
      objectReference: {fileID: 0}
    - target: {fileID: 663080251295903460, guid: 2f62d9ebfb11e82499d8fd91e97b3e8a,
        type: 3}
      propertyPath: m_RootOrder
      value: 2
      objectReference: {fileID: 0}
    - target: {fileID: 663080251295903460, guid: 2f62d9ebfb11e82499d8fd91e97b3e8a,
        type: 3}
      propertyPath: m_LocalEulerAnglesHint.x
      value: 0
      objectReference: {fileID: 0}
    - target: {fileID: 663080251295903460, guid: 2f62d9ebfb11e82499d8fd91e97b3e8a,
        type: 3}
      propertyPath: m_LocalEulerAnglesHint.y
      value: 180
      objectReference: {fileID: 0}
    - target: {fileID: 663080251295903460, guid: 2f62d9ebfb11e82499d8fd91e97b3e8a,
        type: 3}
      propertyPath: m_LocalEulerAnglesHint.z
      value: 0
      objectReference: {fileID: 0}
    m_RemovedComponents: []
  m_SourcePrefab: {fileID: 100100000, guid: 2f62d9ebfb11e82499d8fd91e97b3e8a, type: 3}
--- !u!4 &7290197291473874566 stripped
Transform:
  m_CorrespondingSourceObject: {fileID: 663080251295903460, guid: 2f62d9ebfb11e82499d8fd91e97b3e8a,
    type: 3}
  m_PrefabInstance: {fileID: 7789046156356550754}
  m_PrefabAsset: {fileID: 0}
--- !u!114 &3872885251647311491 stripped
MonoBehaviour:
  m_CorrespondingSourceObject: {fileID: 6460132929095372513, guid: 2f62d9ebfb11e82499d8fd91e97b3e8a,
    type: 3}
  m_PrefabInstance: {fileID: 7789046156356550754}
  m_PrefabAsset: {fileID: 0}
  m_GameObject: {fileID: 0}
  m_Enabled: 1
  m_EditorHideFlags: 0
  m_Script: {fileID: 11500000, guid: 5f2980b0bd731a14f95d8056f332ac85, type: 3}
  m_Name: 
  m_EditorClassIdentifier: 
--- !u!4 &282576670987962407 stripped
Transform:
  m_CorrespondingSourceObject: {fileID: 8066978043552188485, guid: 2f62d9ebfb11e82499d8fd91e97b3e8a,
    type: 3}
  m_PrefabInstance: {fileID: 7789046156356550754}
  m_PrefabAsset: {fileID: 0}
--- !u!4 &6665035934973445193 stripped
Transform:
  m_CorrespondingSourceObject: {fileID: 3487676072207533099, guid: 2f62d9ebfb11e82499d8fd91e97b3e8a,
    type: 3}
  m_PrefabInstance: {fileID: 7789046156356550754}
  m_PrefabAsset: {fileID: 0}
--- !u!1001 &7789046156564094726
PrefabInstance:
  m_ObjectHideFlags: 0
  serializedVersion: 2
  m_Modification:
    m_TransformParent: {fileID: 6665035934973445193}
    m_Modifications:
    - target: {fileID: 8510422815303157635, guid: ce3a309b210a3e84caa4df44520d2d5b,
        type: 3}
      propertyPath: m_Name
      value: coin (2)
      objectReference: {fileID: 0}
    - target: {fileID: 6486459514048859850, guid: ce3a309b210a3e84caa4df44520d2d5b,
        type: 3}
      propertyPath: m_LocalPosition.x
      value: 0
      objectReference: {fileID: 0}
    - target: {fileID: 6486459514048859850, guid: ce3a309b210a3e84caa4df44520d2d5b,
        type: 3}
      propertyPath: m_LocalPosition.y
      value: 0
      objectReference: {fileID: 0}
    - target: {fileID: 6486459514048859850, guid: ce3a309b210a3e84caa4df44520d2d5b,
        type: 3}
      propertyPath: m_LocalPosition.z
      value: 0
      objectReference: {fileID: 0}
    - target: {fileID: 6486459514048859850, guid: ce3a309b210a3e84caa4df44520d2d5b,
        type: 3}
      propertyPath: m_LocalRotation.x
      value: -0
      objectReference: {fileID: 0}
    - target: {fileID: 6486459514048859850, guid: ce3a309b210a3e84caa4df44520d2d5b,
        type: 3}
      propertyPath: m_LocalRotation.y
      value: -1
      objectReference: {fileID: 0}
    - target: {fileID: 6486459514048859850, guid: ce3a309b210a3e84caa4df44520d2d5b,
        type: 3}
      propertyPath: m_LocalRotation.z
      value: -0
      objectReference: {fileID: 0}
    - target: {fileID: 6486459514048859850, guid: ce3a309b210a3e84caa4df44520d2d5b,
        type: 3}
      propertyPath: m_LocalRotation.w
      value: 0
      objectReference: {fileID: 0}
    - target: {fileID: 6486459514048859850, guid: ce3a309b210a3e84caa4df44520d2d5b,
        type: 3}
      propertyPath: m_RootOrder
      value: 0
      objectReference: {fileID: 0}
    - target: {fileID: 6486459514048859850, guid: ce3a309b210a3e84caa4df44520d2d5b,
        type: 3}
      propertyPath: m_LocalEulerAnglesHint.x
      value: 0
      objectReference: {fileID: 0}
    - target: {fileID: 6486459514048859850, guid: ce3a309b210a3e84caa4df44520d2d5b,
        type: 3}
      propertyPath: m_LocalEulerAnglesHint.y
      value: 0
      objectReference: {fileID: 0}
    - target: {fileID: 6486459514048859850, guid: ce3a309b210a3e84caa4df44520d2d5b,
        type: 3}
      propertyPath: m_LocalEulerAnglesHint.z
      value: 0
      objectReference: {fileID: 0}
    m_RemovedComponents: []
  m_SourcePrefab: {fileID: 100100000, guid: ce3a309b210a3e84caa4df44520d2d5b, type: 3}
--- !u!1001 &7789046156735643380
PrefabInstance:
  m_ObjectHideFlags: 0
  serializedVersion: 2
  m_Modification:
    m_TransformParent: {fileID: 282576670987962407}
    m_Modifications:
    - target: {fileID: 8510422815303157635, guid: ce3a309b210a3e84caa4df44520d2d5b,
        type: 3}
      propertyPath: m_Name
      value: coin
      objectReference: {fileID: 0}
    - target: {fileID: 6486459514048859850, guid: ce3a309b210a3e84caa4df44520d2d5b,
        type: 3}
      propertyPath: m_LocalPosition.x
      value: 0
      objectReference: {fileID: 0}
    - target: {fileID: 6486459514048859850, guid: ce3a309b210a3e84caa4df44520d2d5b,
        type: 3}
      propertyPath: m_LocalPosition.y
      value: 0
      objectReference: {fileID: 0}
    - target: {fileID: 6486459514048859850, guid: ce3a309b210a3e84caa4df44520d2d5b,
        type: 3}
      propertyPath: m_LocalPosition.z
      value: 0
      objectReference: {fileID: 0}
    - target: {fileID: 6486459514048859850, guid: ce3a309b210a3e84caa4df44520d2d5b,
        type: 3}
      propertyPath: m_LocalRotation.x
      value: -0
      objectReference: {fileID: 0}
    - target: {fileID: 6486459514048859850, guid: ce3a309b210a3e84caa4df44520d2d5b,
        type: 3}
      propertyPath: m_LocalRotation.y
      value: -1
      objectReference: {fileID: 0}
    - target: {fileID: 6486459514048859850, guid: ce3a309b210a3e84caa4df44520d2d5b,
        type: 3}
      propertyPath: m_LocalRotation.z
      value: -0
      objectReference: {fileID: 0}
    - target: {fileID: 6486459514048859850, guid: ce3a309b210a3e84caa4df44520d2d5b,
        type: 3}
      propertyPath: m_LocalRotation.w
      value: 0
      objectReference: {fileID: 0}
    - target: {fileID: 6486459514048859850, guid: ce3a309b210a3e84caa4df44520d2d5b,
        type: 3}
      propertyPath: m_RootOrder
      value: 0
      objectReference: {fileID: 0}
    - target: {fileID: 6486459514048859850, guid: ce3a309b210a3e84caa4df44520d2d5b,
        type: 3}
      propertyPath: m_LocalEulerAnglesHint.x
      value: 0
      objectReference: {fileID: 0}
    - target: {fileID: 6486459514048859850, guid: ce3a309b210a3e84caa4df44520d2d5b,
        type: 3}
      propertyPath: m_LocalEulerAnglesHint.y
      value: 0
      objectReference: {fileID: 0}
    - target: {fileID: 6486459514048859850, guid: ce3a309b210a3e84caa4df44520d2d5b,
        type: 3}
      propertyPath: m_LocalEulerAnglesHint.z
      value: 0
      objectReference: {fileID: 0}
    m_RemovedComponents: []
  m_SourcePrefab: {fileID: 100100000, guid: ce3a309b210a3e84caa4df44520d2d5b, type: 3}
--- !u!1001 &7789046156831319717
PrefabInstance:
  m_ObjectHideFlags: 0
  serializedVersion: 2
  m_Modification:
    m_TransformParent: {fileID: 6665035935723039954}
    m_Modifications:
    - target: {fileID: 8510422815303157635, guid: ce3a309b210a3e84caa4df44520d2d5b,
        type: 3}
      propertyPath: m_Name
      value: coin (1)
      objectReference: {fileID: 0}
    - target: {fileID: 6486459514048859850, guid: ce3a309b210a3e84caa4df44520d2d5b,
        type: 3}
      propertyPath: m_LocalPosition.x
      value: 0
      objectReference: {fileID: 0}
    - target: {fileID: 6486459514048859850, guid: ce3a309b210a3e84caa4df44520d2d5b,
        type: 3}
      propertyPath: m_LocalPosition.y
      value: 0
      objectReference: {fileID: 0}
    - target: {fileID: 6486459514048859850, guid: ce3a309b210a3e84caa4df44520d2d5b,
        type: 3}
      propertyPath: m_LocalPosition.z
      value: 0
      objectReference: {fileID: 0}
    - target: {fileID: 6486459514048859850, guid: ce3a309b210a3e84caa4df44520d2d5b,
        type: 3}
      propertyPath: m_LocalRotation.x
      value: -0
      objectReference: {fileID: 0}
    - target: {fileID: 6486459514048859850, guid: ce3a309b210a3e84caa4df44520d2d5b,
        type: 3}
      propertyPath: m_LocalRotation.y
      value: -1
      objectReference: {fileID: 0}
    - target: {fileID: 6486459514048859850, guid: ce3a309b210a3e84caa4df44520d2d5b,
        type: 3}
      propertyPath: m_LocalRotation.z
      value: -0
      objectReference: {fileID: 0}
    - target: {fileID: 6486459514048859850, guid: ce3a309b210a3e84caa4df44520d2d5b,
        type: 3}
      propertyPath: m_LocalRotation.w
      value: 0
      objectReference: {fileID: 0}
    - target: {fileID: 6486459514048859850, guid: ce3a309b210a3e84caa4df44520d2d5b,
        type: 3}
      propertyPath: m_RootOrder
      value: 0
      objectReference: {fileID: 0}
    - target: {fileID: 6486459514048859850, guid: ce3a309b210a3e84caa4df44520d2d5b,
        type: 3}
      propertyPath: m_LocalEulerAnglesHint.x
      value: 0
      objectReference: {fileID: 0}
    - target: {fileID: 6486459514048859850, guid: ce3a309b210a3e84caa4df44520d2d5b,
        type: 3}
      propertyPath: m_LocalEulerAnglesHint.y
      value: 0
      objectReference: {fileID: 0}
    - target: {fileID: 6486459514048859850, guid: ce3a309b210a3e84caa4df44520d2d5b,
        type: 3}
      propertyPath: m_LocalEulerAnglesHint.z
      value: 0
      objectReference: {fileID: 0}
    m_RemovedComponents: []
  m_SourcePrefab: {fileID: 100100000, guid: ce3a309b210a3e84caa4df44520d2d5b, type: 3}
--- !u!1001 &7789046157760751865
PrefabInstance:
  m_ObjectHideFlags: 0
  serializedVersion: 2
  m_Modification:
    m_TransformParent: {fileID: 7789046157998024108}
    m_Modifications:
    - target: {fileID: 663080251295903459, guid: 2f62d9ebfb11e82499d8fd91e97b3e8a,
        type: 3}
      propertyPath: m_Name
      value: FirstPlatform
      objectReference: {fileID: 0}
    - target: {fileID: 663080251295903460, guid: 2f62d9ebfb11e82499d8fd91e97b3e8a,
        type: 3}
      propertyPath: m_LocalPosition.x
      value: -24
      objectReference: {fileID: 0}
    - target: {fileID: 663080251295903460, guid: 2f62d9ebfb11e82499d8fd91e97b3e8a,
        type: 3}
      propertyPath: m_LocalPosition.y
      value: 0
      objectReference: {fileID: 0}
    - target: {fileID: 663080251295903460, guid: 2f62d9ebfb11e82499d8fd91e97b3e8a,
        type: 3}
      propertyPath: m_LocalPosition.z
      value: 0
      objectReference: {fileID: 0}
    - target: {fileID: 663080251295903460, guid: 2f62d9ebfb11e82499d8fd91e97b3e8a,
        type: 3}
      propertyPath: m_LocalRotation.x
      value: -0
      objectReference: {fileID: 0}
    - target: {fileID: 663080251295903460, guid: 2f62d9ebfb11e82499d8fd91e97b3e8a,
        type: 3}
      propertyPath: m_LocalRotation.y
      value: 1
      objectReference: {fileID: 0}
    - target: {fileID: 663080251295903460, guid: 2f62d9ebfb11e82499d8fd91e97b3e8a,
        type: 3}
      propertyPath: m_LocalRotation.z
      value: -0
      objectReference: {fileID: 0}
    - target: {fileID: 663080251295903460, guid: 2f62d9ebfb11e82499d8fd91e97b3e8a,
        type: 3}
      propertyPath: m_LocalRotation.w
      value: 0
      objectReference: {fileID: 0}
    - target: {fileID: 663080251295903460, guid: 2f62d9ebfb11e82499d8fd91e97b3e8a,
        type: 3}
      propertyPath: m_RootOrder
      value: 1
      objectReference: {fileID: 0}
    - target: {fileID: 663080251295903460, guid: 2f62d9ebfb11e82499d8fd91e97b3e8a,
        type: 3}
      propertyPath: m_LocalEulerAnglesHint.x
      value: 0
      objectReference: {fileID: 0}
    - target: {fileID: 663080251295903460, guid: 2f62d9ebfb11e82499d8fd91e97b3e8a,
        type: 3}
      propertyPath: m_LocalEulerAnglesHint.y
      value: 180
      objectReference: {fileID: 0}
    - target: {fileID: 663080251295903460, guid: 2f62d9ebfb11e82499d8fd91e97b3e8a,
        type: 3}
      propertyPath: m_LocalEulerAnglesHint.z
      value: 0
      objectReference: {fileID: 0}
    m_RemovedComponents: []
  m_SourcePrefab: {fileID: 100100000, guid: 2f62d9ebfb11e82499d8fd91e97b3e8a, type: 3}
--- !u!4 &7290197292204869149 stripped
Transform:
  m_CorrespondingSourceObject: {fileID: 663080251295903460, guid: 2f62d9ebfb11e82499d8fd91e97b3e8a,
    type: 3}
  m_PrefabInstance: {fileID: 7789046157760751865}
  m_PrefabAsset: {fileID: 0}
--- !u!114 &3872885250383930904 stripped
MonoBehaviour:
  m_CorrespondingSourceObject: {fileID: 6460132929095372513, guid: 2f62d9ebfb11e82499d8fd91e97b3e8a,
    type: 3}
  m_PrefabInstance: {fileID: 7789046157760751865}
  m_PrefabAsset: {fileID: 0}
  m_GameObject: {fileID: 0}
  m_Enabled: 1
  m_EditorHideFlags: 0
  m_Script: {fileID: 11500000, guid: 5f2980b0bd731a14f95d8056f332ac85, type: 3}
  m_Name: 
  m_EditorClassIdentifier: 
--- !u!4 &6665035935723039954 stripped
Transform:
  m_CorrespondingSourceObject: {fileID: 3487676072207533099, guid: 2f62d9ebfb11e82499d8fd91e97b3e8a,
    type: 3}
  m_PrefabInstance: {fileID: 7789046157760751865}
  m_PrefabAsset: {fileID: 0}
